<record><leader>00000cas a22000007a 4500</leader><controlfield tag="001">11880333</controlfield><controlfield tag="008">850403u1964uuuualuwr ne      0    0eng d</controlfield><datafield ind1=" " ind2=" " tag="010"><subfield code="a">sn 85044548 </subfield></datafield><datafield ind1=" " ind2=" " tag="040"><subfield code="a">ALM</subfield><subfield code="b">eng</subfield><subfield code="c">ALM</subfield><subfield code="d">CPN</subfield><subfield code="d">OCLCQ</subfield></datafield><datafield ind1=" " ind2=" " tag="042"><subfield code="a">msc</subfield></datafield><datafield ind1="0" ind2=" " tag="130"><subfield code="a">Moundville news (1964)</subfield></datafield><datafield ind1="1" ind2="4" tag="245"><subfield code="a">The Moundville news.</subfield></datafield><datafield ind1=" " ind2=" " tag="260"><subfield code="a">Moundville, Ala. :</subfield><subfield code="b">[s.n.],</subfield><subfield code="c">1964-</subfield></datafield><datafield ind1=" " ind2=" " tag="300"><subfield code="a">v. :</subfield><subfield code="b">ill. ;</subfield><subfield code="c">43 cm.</subfield></datafield><datafield ind1=" " ind2=" " tag="310"><subfield code="a">Weekly</subfield></datafield><datafield ind1="0" ind2=" " tag="362"><subfield code="a">Vol. 10, no. 37 (Mar. 12, 1964)-</subfield></datafield><datafield ind1=" " ind2=" " tag="500"><subfield code="a">Editor: Bradley Twitty.</subfield></datafield><datafield ind1=" " ind2=" " tag="752"><subfield code="a">United States</subfield><subfield code="b">Alabama</subfield><subfield code="c">Hale</subfield><subfield code="d">Moundville.</subfield></datafield><datafield ind1="0" ind2="0" tag="780"><subfield code="t">Northporter and Moundville news</subfield><subfield code="w">(DLC)sn 85044547</subfield></datafield><datafield ind1="1" ind2=" " tag="029"><subfield code="a">AU@</subfield><subfield code="b">000025827142</subfield></datafield></record>